@article{source1,
        author = {Hsu, Pei-Fang and Ray, Soumya and Li-Hsieh, Yu-Yu},
	title = {Examining cloud computing adoption intention, pricing mechanism, and deployment model},
	journal = {International Journal of Information Management},
	issue_date = {May 2014},
	month = may,
	year = {2014},
	volume = {34},
	pages = {474--488},
	numpages = {15},
	note = {https://\newline doi.org/10.1016/j.ijinfomgt.2014.04.006},
	acmid = {006},
}

@article{source2,
	author = {Konstantinos, Katsantonis and Persefoni, Mitropoulou and Evangelia, Filiopoulou and Christos, Michalakelis and Mara, Nikolaidou.},
	title = {Cloud computing and economic growth},
	journal = {Proceedings of the 19th Panhellenic Conference on Informatics},
	issue_date = {October 2015},
	month = oct,
	year = {2015},
	pages = {209--214},
	numpages = {6},
	note = {https://dl.ac\newline m.org/doi/10.1145/2801948.2802000},
	acmid = {2802000},
	publisher = {ACM},
	address = {New York, NY, USA},
}

@article{source3,
	author = {Maresova, Petra and Sobeslavband, Vladimar and Krejcarc, Ondrej},
	title = {Cost-benefit analysis - evaluation model of cloud computing deployment for use in companies},
	journal = {Applied economics},
	issue_date = {May 2024},
	volume = {49},
        number = {6},
	month = feb,
	year = {2017},
	pages = {521--533},
	numpages = {14},
	note = {https://.tandfonline.\newline com/doi/full/10.1080/00036846.2016.1200188},
	acmid = {1200188},
	publisher = {ACM},
	address = {New York, NY, USA},
}
@article{source4,
        author = {Mac an Bhairda, Ciara and Lynn, Theo},
	title = {Seeding the cloud: financial bootstrapping in the computer software sector},
	journal = {Venture Capital},
	issue_date = {Jan 2015},
	year = {2023},
	volume = {17},
	month = jan,
	year = {2015},
	pages = {151--170},
	numpages = {21},
	note = {https://research-ebsco-com.ezp.lib.cwu.edu/c/ilo4yp/view\newline er/pdf/2kwrlivvdz},
}

@article{source5,
        author = {Nawrocki, Piotr and Smendowski, Mateusz},
	title = {Optimization of the Use of Cloud Computing Resources Using Exploratory Data Analysis and Machine Learning},
	journal = {Journal of Artificial Intelligence and Soft Computing Research},
	issue_date = {June 2024},
	month = jun,
	year = {2024},
	volume = {14},
	pages = {287--308},
	numpages = {23},
	note = {https://doi.org/10.2478/jaiscr-2024-0016},
	acmid = {0016},
}

@article{source6,
	author = {Ouh, Eng Lieh and Gan, Benjamin Kok Siew},
	title = {Are You Cloud-Certified? Preparing Computing Undergraduates for Cloud Certification with Experiential Learning},
	journal = {Proceedings of the 3rd International Conference on Big Data and Computing},
	issue_date = {September 2023},
	month = sep,
	year = {2023},
	pages = {46--57},
	numpages = {12},
	note = {https://doi.org/10.1109/ICSE-SEET58685\newline .2023.00011},
	acmid = {00011},
	publisher = {IEEE Press},
}

@article{source7,
	author = {Phaphoom, Nattakarn and Oza, Nilay and Wang, Xiaofeng and Abrahamsson, Pekka},
	title = {Does cloud computing deliver the promised benefits for IT industry?},
	journal = {Proceedings of the WICSA/ECSA 2012},
	issue_date = {August 2012},
	volume = {Companion Volume},
	month = aug,
	year = {2012},
	pages = {45--52},
	numpages = {8},
	note = {https://\newline dl.acm.org/doi/10.1145/2361999.2362007},
	acmid = {2362007},
}


@article{source8,
	author = {Rawat, Anshika and Singh, Shubham and Singh, Pawan},
	title = {Cloud Resource Management: Monitoring},
	journal = {Proceedings of the 5th International Conference on Information Management & Machine Intelligence},
	issue_date = {November 2023},
	month = apr,
	year = {2023},
	pages = {1--4},
	numpages = {4},
	note = {https://dl.acm.org/\newline doi/10.1145/3647444.3647899},
	acmid = {3647899},
	publisher = {ACM},
	address = {New York, NY, USA},
}

@article{source9,
	author = {Rangaiyengar, Rupashree},
	title = {Cloud Software Engineering},
	journal = {ISEC '23: Proceedings of the 16th Innovations in Software Engineering Conference},
	issue_date = {Febraury 2023},
	month = feb,
	year = {2023},
	pages = {1--2},
	numpages = {2},
	note = {https://doi.org/10.1145/3578527.3581746},
	acmid = {3581746},
	publisher = {ACM},
	address = {New York, NY, USA},
}

@article{source10,
	author = {Yan, Li and Hao, Xiaowei and Cheng, Zelei and Zhou, Rui},
	title = {Cloud Computing Security and Privacy},
	journal = {Proceedings of the 3rd International Conference on Big Data and Computing},
	issue_date = {April 2018},
	month = apr,
	year = {2018},
	pages = {119--123},
	numpages = {5},
	note = {https://doi.org/10.1145/3220199.3\newline 220217},
	acmid = {3220217},
	publisher = {ACM},
	address = {New York, NY, USA},
}